@Article{Dautenhahn2007,
author = {Kerstin Dautenhahn },
title = {Methodology and Themes of Human-Robot Interaction: A Growing Research Field},
journal = {International Journal of Advanced Robotic Systems, Vedran Kordic, Aleksandar Lazinica and Munir Merdan (Ed.)},
year = {2007}, 
url = {http://www.intechopen.com/journals/international_journal_of_advanced_robotic_systems/methodology__amp__themes_of_human-robot_interaction__a_growing_research_field},
doi = {10.5772/5702},
isbn = {1729-8806}
}

@article{BerenzTDM2014,
  author    = {Vincent Berenz and
               Kenji Suzuki},
  title     = {Targets-Drives-Means: {A} declarative approach to dynamic behavior
               specification with higher usability},
  journal   = {Robotics and Autonomous Systems},
  volume    = {62},
  number    = {4},
  pages     = {545--555},
  year      = {2014},
  url       = {http://dx.doi.org/10.1016/j.robot.2013.12.010},
  doi       = {10.1016/j.robot.2013.12.010},
  timestamp = {Mon, 10 Mar 2014 20:33:01 +0100},
  biburl    = {http://dblp.uni-trier.de/rec/bib/journals/ras/BerenzS14},
  bibsource = {dblp computer science bibliography, http://dblp.org}
}

@INPROCEEDINGS{Berenz6100887, 
author={Berenz, V. and Tanaka, F. and Suzuki, K. and Herink, M.}, 
booktitle={Humanoid Robots (Humanoids), 2011 11th IEEE-RAS International Conference on}, 
title={TDM: A software framework for elegant and rapid development of autonomous behaviors for humanoid robots}, 
year={2011}, 
month={Oct}, 
pages={179-186}, 
keywords={behavioural sciences computing;humanoid robots;robot programming;autonomous behaviors;behavior oriented software framework;humanoid robots;module based software solutions;Computer architecture;Humans;Programming;Robot sensing systems;Software;Time division multiplexing}, 
doi={10.1109/Humanoids.2011.6100887}, 
ISSN={2164-0572}
}

@inproceedings{Tanaka:2011:ICR:1957656.1957763,
 author = {Tanaka, Fumihide and Ghosh, Madhumita},
 title = {The Implementation of Care-receiving Robot at an English Learning School for Children},
 booktitle = {Proceedings of the 6th International Conference on Human-robot Interaction},
 series = {HRI '11},
 year = {2011},
 isbn = {978-1-4503-0561-7},
 location = {Lausanne, Switzerland},
 pages = {265--266},
 numpages = {2},
 url = {http://doi.acm.org/10.1145/1957656.1957763},
 doi = {10.1145/1957656.1957763},
 acmid = {1957763},
 publisher = {ACM},
 address = {New York, NY, USA},
 keywords = {care-receiving robot, child-robot interaction, childcare robot, early childhood education, language education, learning by teaching, robotics for children}
}

@inproceedings{Villano:2011:DWO:1957656.1957770,
 author = {Villano, Michael and Crowell, Charles R. and Wier, Kristin and Tang, Karen and Thomas, Brynn and Shea, Nicole and Schmitt, Lauren M. and Diehl, Joshua J.},
 title = {DOMER: A Wizard of Oz Interface for Using Interactive Robots to Scaffold Social Skills for Children with Autism Spectrum Disorders},
 booktitle = {Proceedings of the 6th International Conference on Human-robot Interaction},
 series = {HRI '11},
 year = {2011},
 isbn = {978-1-4503-0561-7},
 location = {Lausanne, Switzerland},
 pages = {279--280},
 numpages = {2},
 url = {http://doi.acm.org/10.1145/1957656.1957770},
 doi = {10.1145/1957656.1957770},
 acmid = {1957770},
 publisher = {ACM},
 address = {New York, NY, USA},
 keywords = {autism, human-robot interaction, interface, wizard of oz}
}

@misc{ALVAR,
    author    = {VTT Technical Research Centre of Finland},
    title     = {ALVAR – A Library for Virtual and Augmented Reality},
    howpublished = {www.vtt.fi/multimedia/alvar.html},
    note = {Accessed: 2015-02-20}
}

@misc{ZeroMQ,
    author    = {iMatix},
    title     = {ZeroMQ},
    howpublished = {http://zeromq.org/},
    note = {Accessed: 2015-02-25}
}

@misc{ProtocolBuffers,
    author    = {Google},
    title     = {Protocol Buffers},
    howpublished = {http://zeromq.org/},
    note = {Accessed: 2015-03-05}
}

@misc{MSRS4,
    author    = {Microsoft Inc},
    title     = {Microsoft Robotics Developer Studio 4},
    howpublished = {http://msdn.microsoft.com/library/bb483024},
    note = {Accessed: 2014-11-28}
}

@misc{ScratchLike,
    author    = {Lifelong Kindergarten Group at the MIT Media Lab},
    title     = {Scratch Wiki},
    howpublished = {http://wiki.scratch.mit.edu/wiki/Alternatives_to_Scratch},
    note = {Accessed: 2015-05-15}
}

@misc{Scratch,
    author    = {Lifelong Kindergarten Group at the MIT Media Lab},
    title     = {Scratch},
    howpublished = {https://scratch.mit.edu/},
    note = {Accessed: 2015-05-15}
}

@misc{TouchDevelop,
    author    = {Microsoft Research},
    title     = {TouchDevelop},
    howpublished = {https://www.touchdevelop.com/},
    note = {Accessed: 2015-05-15}
}

@misc{Blockly,
    author    = {Google},
    title     = {Blockly},
    howpublished = {https://developers.google.com/blockly/},
    note = {Accessed: 2015-04-31}
}

@misc{NaoTheRobot,
    author = {Aldebaran},
    title  = {Nao Humanoid Robot},
    howpublished = {https://www.aldebaran.com/en/humanoid-robot/nao-robot},
    note = {Accessed: 2014-11-15}
}

@misc{PepperTheRobot,
    author = {Aldebaran},
    title  = {Pepper Humanoid Robot},
    howpublished = {https://www.aldebaran.com/en/a-robots/who-is-pepper},
    note = {Accessed: 2015-05-02}
}

@misc{ProjectRomeo,
    author = {Aldebaran},
    title  = {Project ROMEO},
    howpublished = {http://projetromeo.com/en/scenario},
    note = {Accessed: 2015-04-20}
}

@misc{ASKNao,
    author = {Aldebaran},
    title  = {ASK NAO: Autism Solution for Kids},
    howpublished = {https://asknao.aldebaran.com},
    note = {Accessed: 2014-12-12}
}

@misc{Choregraphe,
    author    = {Aldebaran},
    title     = {Choregraphe software},
    howpublished = {http://www.aldebaranrobotics.com/en/Discover-NAO/Software/choregraphe.html},
    note = {Accessed: 2014-11-20}
}

@misc{michAnderson,
    author    = {{Michael Anderson and Susan Leigh Anderson}},
    title     = {Robot Be Good},
    doi = {10.1038/scientificamerican1010-72},
    publisher = {Scientific American},
    pages = {72--77}
}

@inproceedings{Baillie4814281,
    author = {Baillie, J. C.},
    booktitle = {Proceedings of the Third International Workshop on Software Development and Integration in Robotics},
    citeulike-article-id = {4814281},
    day = {20},
    howpublished = {Online},
    keywords = {master\_thesis, robot\_middleware, software},
    location = {Pasadena, Canada},
    month = may,
    organization = {IEEE ICRA},
    posted-at = {2009-06-11 16:59:24},
    priority = {0},
    title = {Urbi 2: Introduction to concurrent real-time programming},
    year = {2008}
}

@inproceedings{Simmons724883,
  author    = {Reid G. Simmons and
               David Apfelbaum},
  title     = {A task description language for robot control},
  booktitle = {Proceedings 1998 {IEEE/RSJ} International Conference on Intelligent
               Robots and Systems. Innovations in Theory, Practice and Applications,
               October 13-17, 1998, Victoria, BC, Canada},
  pages     = {1931--1937},
  year      = {1998},
  url       = {http://dx.doi.org/10.1109/IROS.1998.724883},
  doi       = {10.1109/IROS.1998.724883},
  timestamp = {Fri, 19 Jul 2013 17:59:55 +0200},
  biburl    = {http://dblp.uni-trier.de/rec/bib/conf/iros/SimmonsA98},
  bibsource = {dblp computer science bibliography, http://dblp.org}
}

@phdthesis{Firby:1989:AEC:916113,
 author = {Firby, Robert James},
 title = {Adaptive Execution in Complex Dynamic Worlds},
 year = {1989},
 note = {AAI9010653},
 publisher = {Yale University},
 address = {New Haven, CT, USA}
}

@incollection{Brooks:1991:RLC:106552.106553,
 author = {Brooks, Rodney A.},
 chapter = {A Robust Layered Control System for a Mobile Robot},
 title = {Artificial Intelligence at MIT},
 editor = {Winston, Patrick Henry and Shellard, Sarah Alexandra},
 year = {1990},
 isbn = {0-262-23150-6},
 pages = {2--27},
 numpages = {26},
 url = {http://dl.acm.org/citation.cfm?id=106552.106553},
 acmid = {106553},
 publisher = {MIT Press},
 address = {Cambridge, MA, USA}
} 

@misc{arkinetal,
    author    = "{R.C. Arkin, D.C. Mackenzie}",
    booktitle = {International Symposium on Robotics and Manufacturing, Maui, HI},
    title     = {Planning to behave: a hybrid deliberative/reactive robot control architecture for mobile manipulation},
    pages = {5--12},
    year = {1994}
}

@incollection{Bonasso,
year={1996},
isbn={978-3-540-60805-9},
booktitle={Intelligent Agents II Agent Theories, Architectures, and Languages},
volume={1037},
series={Lecture Notes in Computer Science},
editor={Wooldridge, Michael and Müller, JörgP. and Tambe, Milind},
doi={10.1007/3540608052_67},
title={Experiences with an architecture for intelligent, reactive agents},
url={http://dx.doi.org/10.1007/3540608052_67},
publisher={Springer Berlin Heidelberg},
author={Bonasso, R.Peter and Kortenkamp, David and Miller, DavidP. and Slack, Marc},
pages={187-202},
language={English}
}

@INPROCEEDINGS{berra, 
author={Lindstrom, M. and Oreback, A. and Christensen, H.I.}, 
booktitle={Robotics and Automation, 2000. Proceedings. ICRA '00. IEEE International Conference on}, 
title={BERRA: a research architecture for service robots}, 
year={2000}, 
month={}, 
volume={4}, 
pages={3278-3283 vol.4}, 
keywords={hierarchical systems;intelligent control;mobile robots;object-oriented methods;BERRA;deliberation layers;hybrid deliberative/reactive behavioral robot architecture;living room;mobile service robot;object oriented system;reactive layer;research architecture;scalability;task execution layers;Cameras;Computer architecture;Computer networks;Humans;Performance analysis;Robot kinematics;Robot vision systems;Robustness;Service robots;Strategic planning}, 
doi={10.1109/ROBOT.2000.845168}, 
ISSN={1050-4729}
}

@INPROCEEDINGS{kim1308897, 
author={Gunhee Kim and Woojin Chung and Munsang Kim and Chongwon Lee}, 
booktitle={Robotics and Automation, 2004. Proceedings. ICRA '04. 2004 IEEE International Conference on}, 
title={Implementation of multi-functional service robots using tripodal schematic control architecture}, 
year={2004}, 
month={April}, 
volume={4}, 
pages={4005-4010 Vol.4}, 
keywords={Petri nets;mobile robots;object-oriented programming;robot programming;user interfaces;Petri net;architecture reusability;architecture scalability;cleaning function;error handling;fault handling;multifunctional service robots;object-oriented programming;robot programming;straightforward guidelines system;tripodal schematic control architecture;Application software;Cleaning;Computer architecture;Guidelines;Humans;Indoor environments;Intelligent robots;Large-scale systems;Navigation;Service robots}, 
doi={10.1109/ROBOT.2004.1308897}, 
ISSN={1050-4729}
}

@article{quigley2009ros,
  title={ROS: an open-source Robot Operating System},
  author={Quigley, Morgan and Conley, Ken and Gerkey, Brian and Faust, Josh and Foote, Tully and Leibs, Jeremy and Wheeler, Rob and Ng, Andrew Y},
  journal={ICRA workshop on open source software},
  volume={3},
  number={3.2},
  pages={5},
  year={2009}
}

@article{Jaegeretal,
year={1998},
issn={1433-5298},
journal={Artificial Life and Robotics},
volume={2},
number={3},
doi={10.1007/BF02471165},
title={Dual dynamics: Designing behavior systems for autonomous robots},
url={http://dx.doi.org/10.1007/BF02471165},
publisher={Springer-Verlag},
keywords={Behavior; Control; Dynamical systems},
author={Jaeger, H. and Christaller, T.},
pages={108-112},
language={English}
}

@book{Baldassarre:2013:CRM:2560111,
 author = {Baldassarre, Gianluca and Mirolli, Marco},
 title = {Computational and Robotic Models of the Hierarchical Organization of Behavior},
 year = {2013},
 isbn = {364239874X, 9783642398742},
 publisher = {Springer Publishing Company, Incorporated}
} 

@INPROCEEDINGS{hurdus4648045, 
author={Hurdus, J.G. and Hong, D.W.}, 
booktitle={IEEE International Conference on Multisensor Fusion and Integration for Intelligent Systems, 2008. MFI 2008.}, 
title={Behavioral programming with hierarchy and parallelism in the DARPA urban challenge and robocup}, 
year={2008}, 
month={Aug}, 
pages={503-509}, 
keywords={cognition;control engineering computing;finite state machines;multi-robot systems;DARPA Urban Challenge;RoboCup;behavioral control;behavioral programming;competing behaviors;contextual intelligence;hierarchical state machine;robot cognition;Cognition;Cognitive robotics;Intelligent robots;Machine intelligence;Mobile robots;Parallel programming;Remotely operated vehicles;Robot programming;Robotic assembly;Vehicle dynamics}, 
doi={10.1109/MFI.2008.4648045}
}

@INPROCEEDINGS{limbu6181540, 
author={Limbu, D.K. and Yeow Kee Tan and Ridong Jiang and Tran Ang Dung}, 
booktitle={Robotics and Biomimetics (ROBIO), 2011 IEEE International Conference on}, 
title={A software architecture framework for service robots}, 
year={2011}, 
month={Dec}, 
pages={1736-1741}, 
keywords={control engineering computing;service robots;software architecture;software maintenance;A*STAR Social Robotics Laboratory;ASORO;Lucas;Mika;Olivia;RoboCup 2010;TechFest 2010;World Cities Summit;complex system;intelligent service robotics;maintainable software architecture framework;Computer architecture;Robot kinematics;Service robots;Software;Software architecture;XML}, 
doi={10.1109/ROBIO.2011.6181540}
}

@INPROCEEDINGS{Mataric4600687, 
author={Feil-Seifer, D. and Mataric, M.J.}, 
booktitle={Robot and Human Interactive Communication, 2008. RO-MAN 2008. The 17th IEEE International Symposium on}, 
title={B3IA: A control architecture for autonomous robot-assisted behavior intervention for children with Autism Spectrum Disorders}, 
year={2008}, 
month={Aug}, 
pages={328-333}, 
keywords={control engineering computing;diseases;human computer interaction;medical robotics;patient treatment;psychology;ASD therapy;autism spectrum disorders;autonomous robot systems;autonomous robot-assisted behavior intervention;behavior intervention tools;behavior-based architecture;human-robot interaction;robot control architecture;socially assistive robots;Autism;Communication system control;Computer architecture;Computer science;Control systems;Human robot interaction;Laboratories;Robot control;Robot sensing systems;Variable speed drives}, 
doi={10.1109/ROMAN.2008.4600687}
}

@INPROCEEDINGS{hoshino1308925, 
author={Hoshino, Y. and Takagi, T. and Di Profio, U. and Fujita, M.}, 
booktitle={Robotics and Automation, 2004. Proceedings. ICRA '04. 2004 IEEE International Conference on}, 
title={Behavior description and control using behavior module for personal robot}, 
year={2004}, 
month={April}, 
volume={4}, 
pages={4165-4171 Vol.4}, 
keywords={intelligent robots;mobile robots;tree data structures;QRIO SDR4X-II;associated tree structure;behavior control;behavior description;behavior module tree;behavior selection system;emotional grounded architecture;module based behavior selection architecture;personal robot;real world environment;Design engineering;Humans;Resumes;Robot kinematics;Robot sensing systems;Telephony;Tree data structures}, 
doi={10.1109/ROBOT.2004.1308925}, 
ISSN={1050-4729}
}

@article{journals/ras/BarakovaGHL13,
  added-at = {2013-06-04T00:00:00.000+0200},
  author = {Barakova, Emilia I. and Gillesen, Jan and Huskens, B. E. B. M. and Lourens, Tino},
  biburl = {http://www.bibsonomy.org/bibtex/22e0ac4bb1d95de92865739869ebb7fda/dblp},
  ee = {http://dx.doi.org/10.1016/j.robot.2012.08.001},
  interhash = {e9277f45921a47fedb91ca170f7390ce},
  intrahash = {2e0ac4bb1d95de92865739869ebb7fda},
  journal = {Robotics and Autonomous Systems},
  keywords = {dblp},
  number = {7},
  pages = {704-713},
  timestamp = {2013-06-04T00:00:00.000+0200},
  title = {End-user programming architecture facilitates the uptake of robots in social therapies.},
  url = {http://dblp.uni-trier.de/db/journals/ras/ras61.html#BarakovaGHL13},
  volume = 61,
  year = 2013
}

@article{Gilmore:1984:CRM:1806.1810,
 author = {Gilmore, D J. and Green, T R.G.},
 title = {Comprehension and Recall of Miniature Programs},
 journal = {Int. J. Man-Mach. Stud.},
 issue_date = {July 1984},
 volume = {21},
 number = {1},
 month = oct,
 year = {1984},
 issn = {0020-7373},
 pages = {31--48},
 numpages = {18},
 url = {http://dx.doi.org/10.1016/S0020-7373(84)80037-1},
 doi = {10.1016/S0020-7373(84)80037-1},
 acmid = {1810},
 publisher = {Academic Press Ltd.},
 address = {London, UK, UK}
}

@article {JOOP:JOOP363,
author = {GREEN, T. R. G.},
title = {Conditional program statements and their comprehensibility to professional programmers},
journal = {Journal of Occupational Psychology},
volume = {50},
number = {2},
publisher = {Blackwell Publishing Ltd},
issn = {2044-8325},
url = {http://dx.doi.org/10.1111/j.2044-8325.1977.tb00363.x},
doi = {10.1111/j.2044-8325.1977.tb00363.x},
pages = {93--109},
year = {1977}
}

@article{Green1996131,
title = "Usability Analysis of Visual Programming Environments: A ‘Cognitive Dimensions’ Framework ",
journal = "Journal of Visual Languages & Computing ",
volume = "7",
number = "2",
pages = "131 - 174",
year = "1996",
note = "",
issn = "1045-926X",
doi = "http://dx.doi.org/10.1006/jvlc.1996.0009",
url = "http://www.sciencedirect.com/science/article/pii/S1045926X96900099",
author = "T.R.G. Green and M. Petre"
}

@article{BROOKS1999197,
title = "Towards a theory of the cognitive processes in computer programming ",
journal = "International Journal of Human-Computer Studies ",
volume = "51",
number = "2",
pages = "197 - 211",
year = "1999",
note = "",
issn = "1071-5819",
doi = "http://dx.doi.org/10.1006/ijhc.1977.0306",
url = "http://www.sciencedirect.com/science/article/pii/S1071581977603062",
author = "RUVEN BROOKS"
}

@incollection{Fahlandetal,
year={2009},
isbn={978-3-642-01861-9},
booktitle={Enterprise, Business-Process and Information Systems Modeling},
volume={29},
series={Lecture Notes in Business Information Processing},
editor={Halpin, Terry and Krogstie, John and Nurcan, Selmin and Proper, Erik and Schmidt, Rainer and Soffer, Pnina and Ukor, Roland},
doi={10.1007/978-3-642-01862-6_29},
title={Declarative versus Imperative Process Modeling Languages: The Issue of Understandability},
url={http://dx.doi.org/10.1007/978-3-642-01862-6_29},
publisher={Springer Berlin Heidelberg},
keywords={Process model understanding; declarative versus imperative modeling; cognitive dimensions framework},
author={Fahland, Dirk and Lübke, Daniel and Mendling, Jan and Reijers, Hajo and Weber, Barbara and Weidlich, Matthias and Zugal, Stefan},
pages={353-366},
language={English}
}

@article{Hsiao:2008:OSG:1463279.1463282,
 author = {Hsiao, Kai-yuh and Tellex, Stefanie and Vosoughi, Soroush and Kubat, Rony and Roy, Deb},
 title = {Object Schemas for Grounding Language in a Responsive Robot},
 journal = {Connect. Sci},
 issue_date = {December 2008},
 volume = {20},
 number = {4},
 month = dec,
 year = {2008},
 issn = {0954-0091},
 pages = {253--276},
 numpages = {24},
 url = {http://dx.doi.org/10.1080/09540090802445113},
 doi = {10.1080/09540090802445113},
 acmid = {1463282},
 publisher = {Taylor \& Francis, Inc.},
 address = {Bristol, PA, USA},
 keywords = {human-robot interaction, language grounding, object schema, semantics}
}

@INPROCEEDINGS{faison1, 
author    = {T. Faison}, 
booktitle={Proc. Conf. Patterns, Languages, and Programs}, 
title={Interaction patterns for communication processes}, 
year={1998}, 
volume={2}, 
pages={1-35 Vol.2}
}

@misc{nielson1,
    author    = {Nielsen, J.},
    title     = {Usability engineering},
    booktitle={The Computer Science and Engineering Handbook}, 
    pages = {1440--1660}
}

@misc{bangor,
    author    = {Aaron Bangor and Philip Kortum and James Miller},
    title     = {Determining what individual SUS scores mean: adding an adjective rating scale},
    booktitle={J.Usability Stud. v4 i3}, 
    pages = {114--123}
}

@inproceedings{Grossman:2009:SSL:1518701.1518803,
 author = {Grossman, Tovi and Fitzmaurice, George and Attar, Ramtin},
 title = {A Survey of Software Learnability: Metrics, Methodologies and Guidelines},
 booktitle = {Proceedings of the SIGCHI Conference on Human Factors in Computing Systems},
 series = {CHI '09},
 year = {2009},
 isbn = {978-1-60558-246-7},
 location = {Boston, MA, USA},
 pages = {649--658},
 numpages = {10},
 url = {http://doi.acm.org/10.1145/1518701.1518803},
 doi = {10.1145/1518701.1518803},
 acmid = {1518803},
 publisher = {ACM},
 address = {New York, NY, USA},
 keywords = {evaluation, learnability, learning, question-suggestion, software, think-aloud, usability}
}

@misc{brooke_sus,
    author    = {Brooke, J.},
    title     = {SUS: usability evaluation in industry.},
    booktitle={Jordan, P.W., Weerdmeester, B., Thomas, A., Mclelland, I.L. (Eds.), Usability Evaluation in Industry, Taylor and Francis, London}
}

@book{Ford:2008:PP:1406329,
 author = {Ford, Neal},
 title = {The Productive Programmer},
 year = {2008},
 isbn = {9780596519780},
 edition = {First},
 publisher = {O'Reilly}
}

@article{Vernon:2007:SAC:2221389.2221820,
 author = {Vernon, D. and Metta, G. and Sandini, G.},
 title = {A Survey of Artificial Cognitive Systems: Implications for the Autonomous Development of Mental Capabilities in Computational Agents},
 journal = {Trans. Evol. Comp},
 issue_date = {April 2007},
 volume = {11},
 number = {2},
 month = apr,
 year = {2007},
 issn = {1089-778X},
 pages = {151--180},
 numpages = {30},
 url = {http://dx.doi.org/10.1109/TEVC.2006.890274},
 doi = {10.1109/TEVC.2006.890274},
 acmid = {2221820},
 publisher = {IEEE Press},
 address = {Piscataway, NJ, USA},
 keywords = {Artificial cognitive systems, cognitive architectures, development}
}

@inproceedings{Hirokawa:2010:CEO:1893893.1893915,
 author = {Hirokawa, Masakazu and Suzuki, Kenji},
 title = {Coaching to Enhance the Online Behavior Learning of a Robotic Agent},
 booktitle = {Proceedings of the 14th International Conference on Knowledge-based and Intelligent Information and Engineering Systems: Part I},
 series = {KES'10},
 year = {2010},
 isbn = {3-642-15386-0, 978-3-642-15386-0},
 location = {Cardiff, UK},
 pages = {148--157},
 numpages = {10},
 url = {http://dl.acm.org/citation.cfm?id=1893893.1893915},
 acmid = {1893915},
 publisher = {Springer-Verlag},
 address = {Berlin, Heidelberg},
 keywords = {behavior learning, coaching, reinforcement learning}
}

@INPROCEEDINGS{Gruebler6100888, 
author={Gruebler, A. and Berenz, V. and Suzuki, K.}, 
booktitle={Humanoid Robots (Humanoids), 2011 11th IEEE-RAS International Conference on}, 
title={Coaching robot behavior using continuous physiological affective feedback}, 
year={2011}, 
month={Oct}, 
pages={466-471}, 
keywords={behavioural sciences;control engineering computing;electromyography;human-robot interaction;signal processing;camera angles;coaching robot behavior;continuous physiological affective feedback;electromyographic signals;facial expressions;human robot interaction;human-human interaction;pattern recognition;signal processing;social robotics;Electrodes;Electromyography;Face;Humans;Robots;Training;Vectors}, 
doi={10.1109/Humanoids.2011.6100888}, 
ISSN={2164-0572}
}

@article{doi:10.1080/01691864.2012.686349,
author = {Gruebler, Anna and Berenz, Vincent and Suzuki, Kenji},
title = {Emotionally Assisted Human–Robot Interaction Using a Wearable Device for Reading Facial Expressions},
journal = {Advanced Robotics},
volume = {26},
number = {10},
pages = {1143-1159},
year = {2012},
doi = {10.1080/01691864.2012.686349},
URL = {http://dx.doi.org/10.1080/01691864.2012.686349},
eprint = {http://dx.doi.org/10.1080/01691864.2012.686349}
}

@Book{IssacAsimov,
author = {Issac Asimov},
title = {Robot Dreams},
publisher = {New York: Ace Books},
year = {1986}
}

@article{Goodrich:2007:HIS:1348099.1348100,
  author    = {Michael A. Goodrich and
               Alan C. Schultz},
  title     = {Human-Robot Interaction: {A} Survey},
  journal   = {Foundations and Trends in Human-Computer Interaction},
  volume    = {1},
  number    = {3},
  pages     = {203--275},
  year      = {2007},
  url       = {http://dx.doi.org/10.1561/1100000005},
  doi       = {10.1561/1100000005},
  timestamp = {Tue, 20 May 2008 12:56:12 +0200},
  biburl    = {http://dblp.uni-trier.de/rec/bib/journals/fthci/GoodrichS07},
  bibsource = {dblp computer science bibliography, http://dblp.org}
}

@inproceedings{Fong2003,
  author    = {Terrence Fong and
               Charles E. Thorpe and
               Charles Baur},
  title     = {Collaboration, Dialogue, Human-Robot Interaction},
  booktitle = {Robotics Research, The Tenth International Symposium, {ISRR} 2001,
               Lorne, Victoria, Australia, November 9-12 2001},
  pages     = {255--266},
  year      = {2001},
  url       = {http://dx.doi.org/10.1007/3-540-36460-9_17},
  doi       = {10.1007/3-540-36460-9_17},
  timestamp = {Wed, 03 Jul 2013 18:00:41 +0200},
  biburl    = {http://dblp.uni-trier.de/rec/bib/conf/isrr/FongTB01},
  bibsource = {dblp computer science bibliography, http://dblp.org}
}

@article{Yan2014,
year={2014},
issn={1875-4791},
journal={International Journal of Social Robotics},
volume={6},
number={1},
doi={10.1007/s12369-013-0199-6},
title={A Survey on Perception Methods for Human–Robot Interaction in Social Robots},
url={http://dx.doi.org/10.1007/s12369-013-0199-6},
publisher={Springer Netherlands},
keywords={Social robots; Human Robot interaction; Perception; Survey},
author={Yan, Haibin and Ang, Marcelo H., Jr. and Poo, Aun Neow},
pages={85-119},
language={English}
}

@article{Fong02asurvey,
  author    = {Terrence Fong and
               Illah R. Nourbakhsh and
               Kerstin Dautenhahn},
  title     = {A survey of socially interactive robots},
  journal   = {Robotics and Autonomous Systems},
  volume    = {42},
  number    = {3-4},
  pages     = {143--166},
  year      = {2003},
  url       = {http://dx.doi.org/10.1016/S0921-8890(02)00372-X},
  doi       = {10.1016/S0921-8890(02)00372-X},
  timestamp = {Wed, 01 Mar 2006 15:51:06 +0100},
  biburl    = {http://dblp.uni-trier.de/rec/bib/journals/ras/FongND03},
  bibsource = {dblp computer science bibliography, http://dblp.org}
}

@book{Breazeal:2002:DSR:515422,
 author = {Breazeal, Cynthia},
 title = {Designing Sociable Robots},
 year = {2002},
 isbn = {0262025108},
 publisher = {MIT Press},
 address = {Cambridge, MA, USA},
}

@inproceedings{Bartneck2004,
    author = {Bartneck, C. and Forlizzi, J.},
    booktitle = {RO-MAN 2004. 13th IEEE International Workshop on Robot and Human Interactive Communication (IEEE Catalog No.04TH8759)},
    citeulike-article-id = {882183},
    citeulike-linkout-0 = {http://dx.doi.org/10.1109/ROMAN.2004.1374827},
    citeulike-linkout-1 = {http://dx.doi.org/10.1109/roman.2004.1374827},
    citeulike-linkout-2 = {http://ieeexplore.ieee.org/xpls/abs\_all.jsp?arnumber=1374827},
    doi = {10.1109/ROMAN.2004.1374827},
    isbn = {0-7803-8570-5},
    journal = {Robot and Human Interactive Communication, 2004. ROMAN 2004. 13th IEEE International Workshop on},
    keywords = {centred, design, framework, human-robot, interaction, properties, robot, social},
    location = {Kurashiki, Okayama, Japan},
    pages = {591--594},
    posted-at = {2006-10-03 00:57:39},
    priority = {0},
    publisher = {IEEE},
    title = {{A design-centred framework for social human-robot interaction}},
    url = {http://dx.doi.org/10.1109/ROMAN.2004.1374827},
    year = {2004}
}

@inproceedings{Hegel2009,
  author    = {Frank Hegel and
               Claudia Muhl and
               Britta Wrede and
               Martina Hielscher{-}Fastabend and
               Gerhard Sagerer},
  title     = {Understanding Social Robots},
  booktitle = {Second International Conference on Advances in Computer-Human Interaction,
               {ACHI} 2009, February 1-7, 2009, Cancun, Mexico},
  pages     = {169--174},
  year      = {2009},
  url       = {http://dx.doi.org/10.1109/ACHI.2009.51},
  doi       = {10.1109/ACHI.2009.51},
  timestamp = {Sat, 28 Mar 2009 20:34:43 +0100},
  biburl    = {http://dblp.uni-trier.de/rec/bib/conf/achi/HegelMWHS09},
  bibsource = {dblp computer science bibliography, http://dblp.org}
}

@misc{blogmsdndec042014,
author = {The Kinect for Windows Team},
title = {Intel-GE Care Innovations uses Kinect solution to help elderly patients},
journal = {Kinect for Windows Blog},
type = {Blog},
number = {Decemeber 04},
year = {2014},
howpublished = {http://blogs.msdn.com/b/kinectforwindows/archive/2014/12/04/intel-ge-care-innovations-uses-kinect-solution-to-help-elderly-patients.aspx}
}

@incollection{Simon2012,
year={2012},
isbn={978-3-642-33514-3},
booktitle={Intelligent Robotics and Applications},
volume={7507},
series={Lecture Notes in Computer Science},
editor={Su, Chun-Yi and Rakheja, Subhash and Liu, Honghai},
doi={10.1007/978-3-642-33515-0_43},
title={Nao Robot Localization and Navigation Using Fusion of Odometry and Visual Sensor Data},
url={http://dx.doi.org/10.1007/978-3-642-33515-0_43},
publisher={Springer Berlin Heidelberg},
keywords={Structure from motion; Robot localization; Robot navigation; Nao humanoid robot},
author={Fojtů, Šimon and Havlena, Michal and Pajdla, Tomáš},
pages={427-438},
language={English}
}

@inproceedings{Maier2012,
  author    = {Daniel Maier and
               Armin Hornung and
               Maren Bennewitz},
  title     = {Real-time navigation in 3D environments based on depth camera data},
  booktitle = {12th {IEEE-RAS} International Conference on Humanoid Robots (Humanoids
               2012), Osaka, Japan, November 29 - Dec. 1, 2012},
  pages     = {692--697},
  year      = {2012},
  url       = {http://dx.doi.org/10.1109/HUMANOIDS.2012.6651595},
  doi       = {10.1109/HUMANOIDS.2012.6651595},
  timestamp = {Mon, 11 Nov 2013 18:29:10 +0100},
  biburl    = {http://dblp.uni-trier.de/rec/bib/conf/humanoids/MaierHB12},
  bibsource = {dblp computer science bibliography, http://dblp.org}
}

@INPROCEEDINGS{Breiman01randomforests,
    author = {Leo Breiman and E. Schapire},
    title = {Random forests},
    booktitle = {Machine Learning},
    year = {2001},
    pages = {5--32}
}

@INPROCEEDINGS{Comaniciu02meanshift,
    author = {Dorin Comaniciu and Peter Meer},
    title = {Mean shift: A robust approach toward feature space analysis},
    booktitle = {In PAMI},
    year = {2002},
    pages = {603--619}
}

@INPROCEEDINGS{Shotton2011,
    author = {Jamie Shotton and Andrew Fitzgibbon and Mat Cook and Toby Sharp and Mark Finocchio and Richard Moore and Alex Kipman and Andrew Blake},
    title = {Real-time human pose recognition in parts from single depth images},
    booktitle = {In In CVPR, 2011. 3},
    year = {2011}
}

@article{Shotton2013,
author = {Jamie Shotton and Ross Girshick and Andrew Fitzgibbon and Toby Sharp and Mat Cook and Mark Finocchio and Richard Moore and Pushmeet Kohli and Antonio Criminisi and Alex Kipman and Andrew Blake},
title = {Efficient Human Pose Estimation from Single Depth Images},
journal ={IEEE Transactions on Pattern Analysis and Machine Intelligence},
volume = {35},
number = {12},
issn = {0162-8828},
year = {2013},
pages = {2821-2840},
doi = {http://doi.ieeecomputersociety.org/10.1109/TPAMI.2012.241},
publisher = {IEEE Computer Society},
address = {Los Alamitos, CA, USA},
}

@misc{Kinect2014,
    author    = {Microsoft Inc},
    title     = {Kinect for Windows},
    howpublished = {http://www.microsoft.com/en-us/kinectforwindows/},
    note = {Accessed: 2014-11-20}
}

@misc{KinectSDK2014,
    author    = {Microsoft Inc},
    title     = {Kinect for Windows SDK},
    howpublished = {http://www.microsoft.com/en-us/download/details.aspx?id=44561},
    note = {Accessed: 2014-11-20}
}

@article{Moeslund2001231,
title = "A Survey of Computer Vision-Based Human Motion Capture ",
journal = "Computer Vision and Image Understanding ",
volume = "81",
number = "3",
pages = "231 - 268",
year = "2001",
note = "",
issn = "1077-3142",
doi = "http://dx.doi.org/10.1006/cviu.2000.0897",
url = "http://www.sciencedirect.com/science/article/pii/S107731420090897X",
author = "Thomas B. Moeslund and Erik Granum"
}

@article{Moeslund200690,
title = "A survey of advances in vision-based human motion capture and analysis ",
journal = "Computer Vision and Image Understanding ",
volume = "104",
number = "2–3",
pages = "90 - 126",
year = "2006",
note = "Special Issue on Modeling People: Vision-based understanding of a person’s shape, appearance, movement and behaviour ",
issn = "1077-3142",
doi = "http://dx.doi.org/10.1016/j.cviu.2006.08.002",
url = "http://www.sciencedirect.com/science/article/pii/S1077314206001263",
author = "Thomas B. Moeslund and Adrian Hilton and Volker Krüger",
keywords = "Review",
keywords = "Human motion",
keywords = "Initialization",
keywords = "Tracking",
keywords = "Pose estimation",
keywords = "Recognition "
}

@article{Poppe20074,
title = "Vision-based human motion analysis: An overview ",
journal = "Computer Vision and Image Understanding ",
volume = "108",
number = "1–2",
pages = "4 - 18",
year = "2007",
note = "Special Issue on Vision for Human-Computer Interaction ",
issn = "1077-3142",
doi = "http://dx.doi.org/10.1016/j.cviu.2006.10.016",
url = "http://www.sciencedirect.com/science/article/pii/S1077314206002293",
author = "Ronald Poppe",
keywords = "Human motion analysis",
keywords = "Pose estimation",
keywords = "Computer vision "
}

@article{Buys201439,
title = "An adaptable system for RGB-D based human body detection and pose estimation ",
journal = "Journal of Visual Communication and Image Representation ",
volume = "25",
number = "1",
pages = "39 - 52",
year = "2014",
note = "Visual Understanding and Applications with RGB-D Cameras ",
issn = "1047-3203",
doi = "http://dx.doi.org/10.1016/j.jvcir.2013.03.011",
url = "http://www.sciencedirect.com/science/article/pii/S1047320313000515",
author = "Koen Buys and Cedric Cagniart and Anatoly Baksheev and Tinne De Laet and Joris De Schutter and Caroline Pantofaru",
keywords = "Real-time",
keywords = "Body part recognition",
keywords = "Joint locations",
keywords = "Pose detection",
keywords = "RGB-D data",
keywords = "Person detection",
keywords = "Random decision forest",
keywords = "Open source",
keywords = "Motion capture "
}

@article{Young2011,
year={2011},
issn={1875-4791},
journal={International Journal of Social Robotics},
volume={3},
number={1},
doi={10.1007/s12369-010-0081-8},
title={Evaluating Human-Robot Interaction},
url={http://dx.doi.org/10.1007/s12369-010-0081-8},
publisher={Springer Netherlands},
keywords={Human-robot interaction; Evaluation methods; Frameworks},
author={Young, James E. and Sung, JaYoung and Voida, Amy and Sharlin, Ehud and Igarashi, Takeo and Christensen, Henrik I. and Grinter, Rebecca E.},
pages={53-67},
language={English}
}

@article{Baddoura2013,
year={2013},
issn={1875-4791},
journal={International Journal of Social Robotics},
volume={5},
number={4},
doi={10.1007/s12369-013-0207-x},
title={Social vs. Useful HRI: Experiencing the Familiar, Perceiving the Robot as a Sociable Partner and Responding to Its Actions},
url={http://dx.doi.org/10.1007/s12369-013-0207-x},
publisher={Springer Netherlands},
keywords={Social human robot interaction; Affective state; Assistive robot; Domestic robot; Mathematical modeling},
author={Baddoura, Ritta and Venture, Gentiane},
pages={529-547},
language={English}
}

@inproceedings{Choregraphe2009,
  author    = {Emmanuel Pot and
               J{\'{e}}r{\^{o}}me Monceaux and
               Rodolphe Gelin and
               Bruno Maisonnier},
  title     = {Choregraphe: a graphical tool for humanoid robot programming},
  booktitle = {18th {IEEE} International Symposium on Robot and Human Interactive
               Communication, {RO-MAN} 2009, Toyama International Conference Center,
               Japan, September 27 - October 2, 2009},
  pages     = {46--51},
  year      = {2009},
  url       = {http://dx.doi.org/10.1109/ROMAN.2009.5326209},
  doi       = {10.1109/ROMAN.2009.5326209},
  timestamp = {Sat, 17 Nov 2012 17:16:23 +0100},
  biburl    = {http://dblp.uni-trier.de/rec/bib/conf/ro-man/PotMGM09},
  bibsource = {dblp computer science bibliography, http://dblp.org}
}

@ARTICLE{Rgbd2013, 
author={Xiaofeng Ren and Fox, D. and Konolige, K.}, 
journal={Robotics Automation Magazine, IEEE}, 
title={Change Their Perception: RGB-D for 3-D Modeling and Recognition}, 
year={2013}, 
month={Dec}, 
volume={20}, 
number={4}, 
pages={49-59}, 
keywords={cameras;image colour analysis;image recognition;image sensors;laser ranging;solid modelling;visual perception;3D mapping;3D modeling;3D recognition;Microsoft Kinect;RGB-D cameras;RGB-D perception;RGB-D sensing;active sensors;high-resolution dense color;laser rangefinders;optical cameras;perception-based research;robotics;visual perception;Cameras;Image color analysis;Iterative closest point algorithm;Robot vision systems;Three-dimensional displays}, 
doi={10.1109/MRA.2013.2253409}, 
ISSN={1070-9932},}

@ARTICLE{PCL2012, 
author={Aldoma, A. and Marton, Zoltan-Csaba and Tombari, F. and Wohlkinger, W. and Potthast, C. and Zeisl, B. and Rusu, R.B. and Gedikli, S. and Vincze, M.}, 
journal={Robotics Automation Magazine, IEEE}, 
title={Tutorial: Point Cloud Library: Three-Dimensional Object Recognition and 6 DOF Pose Estimation}, 
year={2012}, 
month={Sept}, 
volume={19}, 
number={3}, 
pages={80-91}, 
keywords={object recognition;pose estimation;DoF pose estimation;depth sensors;object recognition;point cloud library}, 
doi={10.1109/MRA.2012.2206675}, 
ISSN={1070-9932},}

@article{Bethel2010,
year={2010},
issn={1875-4791},
journal={International Journal of Social Robotics},
volume={2},
number={4},
doi={10.1007/s12369-010-0064-9},
title={Review of Human Studies Methods in HRI and Recommendations},
url={http://dx.doi.org/10.1007/s12369-010-0064-9},
publisher={Springer Netherlands},
keywords={Human-robot interaction; Experimental design; Human studies; Evaluation methods},
author={Bethel, Cindy L. and Murphy, Robin R.},
pages={347-359},
language={English}
}

@INPROCEEDINGS{Bethel2007, 
author={Bethel, C.L. and Burke, J.L. and Murphy, R.R. and Salomon, K.}, 
booktitle={Collaborative Technologies and Systems, 2007. CTS 2007. International Symposium on}, 
title={Psychophysiological experimental design for use in human-robot interaction studies}, 
year={2007}, 
month={May}, 
pages={99-105}, 
keywords={design of experiments;man-machine systems;physiology;psychology;robots;electrode placements;human-robot interaction;post-testing assessment process;;psychophysiological experimental design;Anthropometry;Design for experiments;Human robot interaction;Particle measurements;Performance evaluation;Psychology;Safety;Security;Size measurement;Testing;Experimental Design;Human-Robot Interaction;Measurement and Evaluation;Psychophysiology}, 
doi={10.1109/CTS.2007.4621744},}

@inproceedings{Steinfeld2006,
 author = {Steinfeld, Aaron and Fong, Terrence and Kaber, David and Lewis, Michael and Scholtz, Jean and Schultz, Alan and Goodrich, Michael},
 title = {Common Metrics for Human-robot Interaction},
 booktitle = {Proceedings of the 1st ACM SIGCHI/SIGART Conference on Human-robot Interaction},
 series = {HRI '06},
 year = {2006},
 isbn = {1-59593-294-1},
 location = {Salt Lake City, Utah, USA},
 pages = {33--40},
 numpages = {8},
 url = {http://doi.acm.org/10.1145/1121241.1121249},
 doi = {10.1145/1121241.1121249},
 acmid = {1121249},
 publisher = {ACM},
 address = {New York, NY, USA},
 keywords = {human-robot interaction, metrics, unmanned ground vehicles},
} 

@inproceedings{Cervera2012, 
author={Enric Cervera and Amine Abou Moughlbay and Philippe Martinet}, 
booktitle ={IEEE International Workshop on Assistance and Service Robotics in a Human Environment},
journal = {IEEE/RSJ International Conference on Intelligent Robots and Systems},
title={Localization and Navigation of an Assistive Humanoid Robot in a Smart Environment}, 
year={2012}
}

@INPROCEEDINGS{Somlyai2013, 
author={Somlyai, L.}, 
booktitle={Computational Cybernetics (ICCC), 2013 IEEE 9th International Conference on}, 
title={Mobile robot localization using RGB-D camera}, 
year={2013}, 
month={July}, 
pages={131-136}, 
keywords={cameras;feature extraction;mobile robots;navigation;path planning;ICP algorithm;Kinect sensor;RGB-D camera;SURF feature detector;color informations;map building system;mobile robot localization;movement tracking;navigation algorithm;overlapped feature point selection;pixel level depth informations;sensor displacement estimation;system estimation;three dimensional map;three dimensional point clouds;Cameras;Detectors;Feature extraction;Robot kinematics;Robot vision systems}, 
doi={10.1109/ICCCyb.2013.6617575},}

@inproceedings{choi13_rgb_d_objec_track,
  author    = {Changhyun Choi and
               Henrik I. Christensen},
  title     = {{RGB-D} object tracking: {A} particle filter approach on {GPU}},
  booktitle = {2013 {IEEE/RSJ} International Conference on Intelligent Robots and
               Systems, Tokyo, Japan, November 3-7, 2013},
  pages     = {1084--1091},
  year      = {2013},
  url       = {http://dx.doi.org/10.1109/IROS.2013.6696485},
  doi       = {10.1109/IROS.2013.6696485},
  timestamp = {Fri, 10 Jan 2014 20:22:57 +0100},
  biburl    = {http://dblp.uni-trier.de/rec/bib/conf/iros/ChoiC13},
  bibsource = {dblp computer science bibliography, http://dblp.org}
}

@inproceedings{RusuPCL11,
  author    = {Radu Bogdan Rusu and
               Steve Cousins},
  title     = {3D is here: Point Cloud Library {(PCL)}},
  booktitle = {{IEEE} International Conference on Robotics and Automation, {ICRA} 2011, Shanghai, China, 9-13 May 2011},
  year      = {2011},
  url       = {http://dx.doi.org/10.1109/ICRA.2011.5980567},
  doi       = {10.1109/ICRA.2011.5980567},
  biburl    = {http://dblp.uni-trier.de/rec/bib/conf/icra/RusuC11},
  bibsource = {dblp computer science bibliography, http://dblp.org}
}

@book{Thrun2005,
 author = {Thrun, Sebastian and Burgard, Wolfram and Fox, Dieter},
 title = {Probabilistic Robotics (Intelligent Robotics and Autonomous Agents)},
 year = {2005},
 isbn = {0262201623},
 publisher = {The MIT Press},
} 

@inproceedings{Kato1999,
  author    = {Hirokazu Kato and
               Mark Billinghurst},
  title     = {Marker tracking and {HMD} calibration for a video-based augmented
               reality conferencing system},
  booktitle = {2nd {IEEE} and {ACM} International Workshop on Augmented Reality,
               {IWAR} '99, San Francisco, CA, USA, October 20-21, 1999},
  pages     = {85--94},
  year      = {1999},
  url       = {http://dx.doi.org/10.1109/IWAR.1999.803809},
  doi       = {10.1109/IWAR.1999.803809},
  timestamp = {Tue, 18 Nov 2014 16:59:05 +0100},
  biburl    = {http://dblp.uni-trier.de/rec/bib/conf/ismar/KatoB99},
  bibsource = {dblp computer science bibliography, http://dblp.org}
}

@inproceedings{Sharp2012,
 author = {Sharp, Toby},
 title = {The Vitruvian Manifold: Inferring Dense Correspondences for One-shot Human Pose Estimation},
 booktitle = {Proceedings of the 2012 IEEE Conference on Computer Vision and Pattern Recognition (CVPR)},
 series = {CVPR '12},
 year = {2012},
 isbn = {978-1-4673-1226-4},
 pages = {103--110},
 numpages = {8},
 url = {http://dl.acm.org/citation.cfm?id=2354409.2354668},
 acmid = {2354668},
 publisher = {IEEE Computer Society},
 address = {Washington, DC, USA},
 keywords = {Optimization,Shape,Joints,Vegetation,Manifolds,Estimation,Training},
}

@book{Sharp2007,
 author = {Sharp, Helen and Rogers, Yvonne and Preece, Jenny},
 title = {Interaction Design: Beyond Human Computer Interaction},
 year = {2007},
 isbn = {0470018666},
 publisher = {John Wiley \& Sons},
}

@book{Rogers2011,
 author = {Rogers, Yvonne and Sharp, Helen and Preece, Jenny},
 title = {Interaction Design: Beyond Human - Computer Interaction},
 year = {2011},
 isbn = {0470665769, 9780470665763},
 edition = {3rd},
 publisher = {Wiley Publishing},
} 

@inproceedings{Aoki2013, 
author={Aoki, T. and Venture, G. and Kulic, D.}, 
booktitle={Systems, Man, and Cybernetics (SMC), 2013 IEEE International Conference on}, 
title={Segmentation of Human Body Movement Using Inertial Measurement Unit}, 
year={2013}, 
month={Oct}, 
pages={1181-1186}, 
keywords={angular velocity;hidden Markov models;motion measurement;pattern recognition;sensors;stochastic processes;time series;IMU sensors;Wii remote;angular velocity data;automatic motion segmentation;continuous time series data;inertial measurement unit;joint angles;motion pattern recognition;online HMM-based segmentation;optical motion capture;real-time human body movement segmentation;stochastic motion modeling;temporal segmentation;Angular velocity;Data models;Hidden Markov models;Joints;Motion segmentation;Pattern recognition;Sensors;Arm motion;HMM;Inertial Measurement Unit;Recognition;Segmentation;Wii Remote}, 
doi={10.1109/SMC.2013.205}
}

@article{Freund1997119,
title = "A Decision-Theoretic Generalization of On-Line Learning and an Application to Boosting ",
journal = "Journal of Computer and System Sciences ",
volume = "55",
number = "1",
pages = "119 - 139",
year = "1997",
note = "",
issn = "0022-0000",
doi = "http://dx.doi.org/10.1006/jcss.1997.1504",
url = "http://www.sciencedirect.com/science/article/pii/S002200009791504X",
author = "Yoav Freund and Robert E Schapire"
}

@misc{RUeda2012,
    author    = {Ryohei Ueda},
    title     = {Tracking 3D objects with Point Cloud Library},
    howpublished = {http://pointclouds.org/news/2012/01/17/tracking-3d-objects-with-point-cloud-library/},
    note = {Accessed: 2015-01-10}
}

@ARTICLE{Fox03adaptingthe,
    author = {Dieter Fox},
    title = {Adapting the Sample Size in Particle Filters Through KLD-Sampling},
    journal = {International Journal of Robotics Research},
    year = {2003},
    volume = {22},
    pages = {2003}
}

@inproceedings{Fox99montecarlo,
  author    = {Dieter Fox and
               Wolfram Burgard and
               Frank Dellaert and
               Sebastian Thrun},
  title     = {Monte Carlo Localization: Efficient Position Estimation for Mobile
               Robots},
  booktitle = {Proceedings of the Sixteenth National Conference on Artificial Intelligence
               and Eleventh Conference on Innovative Applications of Artificial Intelligence,
               July 18-22, 1999, Orlando, Florida, {USA.}},
  pages     = {343--349},
  year      = {1999},
  url       = {http://www.aaai.org/Library/AAAI/1999/aaai99-050.php},
  timestamp = {Tue, 11 Dec 2012 12:57:22 +0100},
  biburl    = {http://dblp.uni-trier.de/rec/bib/conf/aaai/FoxBDT99},
  bibsource = {dblp computer science bibliography, http://dblp.org}
}

@article{Bartneck2009,
year={2009},
issn={1875-4791},
journal={International Journal of Social Robotics},
volume={1},
number={1},
doi={10.1007/s12369-008-0001-3},
title={Measurement Instruments for the Anthropomorphism, Animacy, Likeability, Perceived Intelligence, and Perceived Safety of Robots},
url={http://dx.doi.org/10.1007/s12369-008-0001-3},
publisher={Springer Netherlands},
keywords={Human factors; Robot; Perception; Measurement},
author={Bartneck, Christoph and Kulić, Dana and Croft, Elizabeth and Zoghbi, Susana},
pages={71-81},
language={English}
}

@incollection{Rabiner1990,
 author = {Rabiner, Lawrence R.},
 title = {A Tutorial on Hidden Markov Models and Selected Applications in Speech Recognition},
 booktitle = {Readings in Speech Recognition},
 editor = {Waibel, Alex and Lee, Kai-Fu},
 year = {1990},
 isbn = {1-55860-124-4},
 pages = {267--296},
 numpages = {30},
 url = {http://dl.acm.org/citation.cfm?id=108235.108253},
 acmid = {108253},
 publisher = {Morgan Kaufmann Publishers Inc.},
 address = {San Francisco, CA, USA},
} 

@article{KinectReview, 
author={Jungong Han and Ling Shao and Dong Xu and Shotton, J.}, 
journal={Cybernetics, IEEE Transactions on}, 
title={Enhanced Computer Vision With Microsoft Kinect Sensor: A Review}, 
year={2013}, 
month={Oct}, 
volume={43}, 
number={5}, 
pages={1318-1334}, 
keywords={computer vision;gesture recognition;image sensors;object recognition;object tracking;Kinect-based computer vision algorithm;Microsoft Kinect sensor;RGB sensing;hand gesture analysis;human activity analysis;indoor 3D mapping;object recognition;object tracking;Algorithm design and analysis;Cameras;Computer vision;Data integration;Feature extraction;Object recognition;Sensors;Computer vision;Kinect sensor;depth image;information fusion;Actigraphy;Algorithms;Artificial Intelligence;Computer Peripherals;Computer Simulation;Image Enhancement;Imaging, Three-Dimensional;Pattern Recognition, Automated;Transducers;Video Games;Whole Body Imaging}, 
doi={10.1109/TCYB.2013.2265378}, 
ISSN={2168-2267}
}

@INPROCEEDINGS{KinectFusion2011, 
author={Newcombe, Richard A. and Izadi, Shahram and Hilliges, Otmar and Molyneaux, David and Kim, David and Davison, Andrew J. and Kohi, Pushmeet and Shotton, Jamie and Hodges, Steve and Fitzgibbon, Andrew}, 
booktitle={Mixed and Augmented Reality (ISMAR), 2011 10th IEEE International Symposium on}, 
title={KinectFusion: Real-time dense surface mapping and tracking}, 
year={2011}, 
month={Oct}, 
pages={127-136}, 
keywords={Cameras;Image reconstruction;Iterative closest point algorithm;Real time systems;Simultaneous localization and mapping;Surface reconstruction;Three dimensional displays;AR;Dense Reconstruction;Depth Cameras;GPU;Real-Time;SLAM;Tracking;Volumetric Representation}, 
doi={10.1109/ISMAR.2011.6092378}
}

@Article {KinectCV2013,
author       = {J. Han and L. Shao and D. Xu and J. Shotton},
journal      = {IEEE Trans. Cybernetics},
month        = {October},
number       = {5},
publisher    = {IEEE},
title        = {Enhanced Computer Vision with Microsoft Kinect Sensor: A Review},
url          = {http://research.microsoft.com/apps/pubs/default.aspx?id=194894},
volume       = {43},
year         = {2013},
}

@misc{SoapSpec,
    author    = {W3C},
    title     = {Simple Object Access Protocol (SOAP)},
    howpublished = {http://www.w3.org/TR/2000/NOTE-SOAP-20000508/},
    note = {Accessed: 2015-01-15}
}

@book{Khalil2002,
 author = {Khalil, Wisama and Dombre, Etienne},
 title = {Modeling, Identification and Control of Robots},
 year = {2002},
 isbn = {1560329831},
 edition = {3rd},
 publisher = {Taylor \& Francis, Inc.},
 address = {Bristol, PA, USA},
}

